<record><leader>00000cas a22000007a 4500</leader><controlfield tag="001">9899438</controlfield><controlfield tag="008">830912d18931893ksuwr ne      0    0eng d</controlfield><controlfield tag="009">3789</controlfield><datafield ind1=" " ind2=" " tag="010"><subfield code="a">sn 83040731 </subfield></datafield><datafield ind1=" " ind2=" " tag="040"><subfield code="a">KSH</subfield><subfield code="b">eng</subfield><subfield code="c">KSH</subfield><subfield code="d">NPT</subfield></datafield><datafield ind1="1" ind2=" " tag="029"><subfield code="a">AU@</subfield><subfield code="b">000025802736</subfield></datafield><datafield ind1=" " ind2=" " tag="042"><subfield code="a">msc</subfield></datafield><datafield ind1=" " ind2=" " tag="043"><subfield code="a">n-us-ks</subfield></datafield><datafield ind1="0" ind2="4" tag="245"><subfield code="a">The Niotaze horoscope.</subfield></datafield><datafield ind1=" " ind2=" " tag="260"><subfield code="a">Niotaze, Kan. :</subfield><subfield code="b">Denton U. Stone,</subfield><subfield code="c">1893.</subfield></datafield><datafield ind1=" " ind2=" " tag="300"><subfield code="a">1 v. ;</subfield><subfield code="c">39 cm.</subfield></datafield><datafield ind1=" " ind2=" " tag="310"><subfield code="a">Weekly</subfield></datafield><datafield ind1="0" ind2=" " tag="362"><subfield code="a">Vol. 1, no. 1 (July 28, 1893)-v. 1, no. 15 (Nov. 3, 1893).</subfield></datafield><datafield ind1=" " ind2=" " tag="500"><subfield code="a">Independent.</subfield></datafield><datafield ind1=" " ind2=" " tag="530"><subfield code="a">Available on microfilm from Micro Photo.</subfield></datafield><datafield ind1=" " ind2=" " tag="500"><subfield code="a">Editor: Denton U. Stone.</subfield></datafield><datafield ind1="1" ind2=" " tag="700"><subfield code="a">Stone, Denton U.</subfield></datafield><datafield ind1=" " ind2=" " tag="752"><subfield code="a">United States</subfield><subfield code="b">Kansas</subfield><subfield code="c">Chautauqua</subfield><subfield code="d">Niotaze.</subfield></datafield><datafield ind1="0" ind2="0" tag="785"><subfield code="t">Horoscope (Niotaze, Kan.)</subfield><subfield code="w">(DLC)sn 83040730</subfield></datafield></record>